<record><leader>00000cas a22000007a 4500</leader><controlfield tag="001">14233261</controlfield><controlfield tag="008">860918d19321950txuwr ne      0    0eng d</controlfield><datafield ind1=" " ind2=" " tag="010"><subfield code="a">sn 86090190 </subfield></datafield><datafield ind1=" " ind2=" " tag="040"><subfield code="a">PPM</subfield><subfield code="b">eng</subfield><subfield code="c">PPM</subfield><subfield code="d">OCLCQ</subfield></datafield><datafield ind1=" " ind2=" " tag="042"><subfield code="a">msc</subfield></datafield><datafield ind1="0" ind2=" " tag="130"><subfield code="a">Pecos enterprise (Pecos, Tex.: 1932)</subfield></datafield><datafield ind1="1" ind2="4" tag="245"><subfield code="a">The Pecos enterprise.</subfield></datafield><datafield ind1="3" ind2="0" tag="246"><subfield code="a">Pecos enterprise and gusher</subfield></datafield><datafield ind1=" " ind2=" " tag="260"><subfield code="a">Pecos, Tex. :</subfield><subfield code="b">Hubbs Print. Co.</subfield></datafield><datafield ind1=" " ind2=" " tag="300"><subfield code="a">v. :</subfield><subfield code="b">ill. ;</subfield><subfield code="c">55 cm.</subfield></datafield><datafield ind1=" " ind2=" " tag="310"><subfield code="a">Weekly</subfield></datafield><datafield ind1="0" ind2=" " tag="362"><subfield code="a">Vol. 48, no. 2 (Sept. 2, 1932)-v. 65, no. 17 (Apr. 3, 1950).</subfield></datafield><datafield ind1=" " ind2=" " tag="752"><subfield code="a">United States</subfield><subfield code="b">Texas</subfield><subfield code="c">Reeves</subfield><subfield code="d">Pecos.</subfield></datafield><datafield ind1="0" ind2="0" tag="780"><subfield code="t">Pecos enterprise and gusher (Pecos, Tex. : 1925)</subfield><subfield code="w">(OCoLC)14509456</subfield></datafield><datafield ind1="0" ind2="0" tag="785"><subfield code="t">Pecos enterprise and gusher</subfield><subfield code="w">(DLC)sn 86089107</subfield></datafield><datafield ind1="1" ind2=" " tag="029"><subfield code="a">AU@</subfield><subfield code="b">000025786565</subfield></datafield></record>